


@article{1,
  author    = {Sebastian Risi and
               Kenneth O. Stanley},
  title     = {Deep Neuroevolution of Recurrent and Discrete World Models},
  journal   = {CoRR},
  volume    = {abs/1906.08857},
  year      = {2019},
  url       = {http://arxiv.org/abs/1906.08857},
  archivePrefix = {arXiv},
  eprint    = {1906.08857},
  timestamp = {Mon, 24 Jun 2019 17:28:45 +0200},
  biburl    = {https://dblp.org/rec/journals/corr/abs-1906-08857.bib},
  bibsource = {dblp computer science bibliography, https://dblp.org}
}

@article{2,
  title={Designing neural networks through neuroevolution},
  author={Stanley, Kenneth O and Clune, Jeff and Lehman, Joel and Miikkulainen, Risto},
  journal={Nature Machine Intelligence},
  volume={1},
  number={1},
  pages={24--35},
  year={2019},
  publisher={Nature Publishing Group}
}

@misc{3,
      title={Evolutionary Neural AutoML for Deep Learning}, 
      author={Jason Liang and Elliot Meyerson and Babak Hodjat and Dan Fink and Karl Mutch and Risto Miikkulainen},
      year={2019},
      eprint={1902.06827},
      archivePrefix={arXiv},
      primaryClass={cs.NE}
}

@misc{4,
      title={Hierarchical Representations for Efficient Architecture Search}, 
      author={Hanxiao Liu and Karen Simonyan and Oriol Vinyals and Chrisantha Fernando and Koray Kavukcuoglu},
      year={2018},
      eprint={1711.00436},
      archivePrefix={arXiv},
      primaryClass={cs.LG}
}

@misc{5,
      title={NSGA-Net: Neural Architecture Search using Multi-Objective Genetic Algorithm}, 
      author={Zhichao Lu and Ian Whalen and Vishnu Boddeti and Yashesh Dhebar and Kalyanmoy Deb and Erik Goodman and Wolfgang Banzhaf},
      year={2019},
      eprint={1810.03522},
      archivePrefix={arXiv},
      primaryClass={cs.CV}
}

@article{6,
  title={Automated machine learning: Review of the state-of-the-art and opportunities for healthcare},
  author={Waring, Jonathan and Lindvall, Charlotta and Umeton, Renato},
  journal={Artificial Intelligence in Medicine},
  pages={101822},
  year={2020},
  publisher={Elsevier}
}

@misc{7,
      title={An Open Source AutoML Benchmark}, 
      author={Pieter Gijsbers and Erin LeDell and Janek Thomas and Sébastien Poirier and Bernd Bischl and Joaquin Vanschoren},
      year={2019},
      eprint={1907.00909},
      archivePrefix={arXiv},
      primaryClass={cs.LG}
}

@inproceedings{9,
  title={Autone: Hyperparameter optimization for massive network embedding},
  author={Tu, Ke and Ma, Jianxin and Cui, Peng and Pei, Jian and Zhu, Wenwu},
  booktitle={Proceedings of the 25th ACM SIGKDD International Conference on Knowledge Discovery \& Data Mining},
  pages={216--225},
  year={2019}
}

@article{10,
   title={Automated Machine Learning in Practice: State of the Art and Recent Results},
   ISBN={9781728131054},
   url={http://dx.doi.org/10.1109/SDS.2019.00-11},
   DOI={10.1109/sds.2019.00-11},
   journal={2019 6th Swiss Conference on Data Science (SDS)},
   publisher={IEEE},
   author={Tuggener, Lukas and Amirian, Mohammadreza and Rombach, Katharina and Lorwald, Stefan and Varlet, Anastasia and Westermann, Christian and Stadelmann, Thilo},
   year={2019},
   month={Jun}
}

@misc{11,
      title={Self-Tuning Networks: Bilevel Optimization of Hyperparameters using Structured Best-Response Functions}, 
      author={Matthew MacKay and Paul Vicol and Jon Lorraine and David Duvenaud and Roger Grosse},
      year={2019},
      eprint={1903.03088},
      archivePrefix={arXiv},
      primaryClass={cs.LG}
}

@misc{12,
      title={Hyperband: A Novel Bandit-Based Approach to Hyperparameter Optimization}, 
      author={Lisha Li and Kevin Jamieson and Giulia DeSalvo and Afshin Rostamizadeh and Ameet Talwalkar},
      year={2018},
      eprint={1603.06560},
      archivePrefix={arXiv},
      primaryClass={cs.LG}
}
@misc{13,
      title={Efficient Multi-objective Neural Architecture Search via Lamarckian Evolution}, 
      author={Thomas Elsken and Jan Hendrik Metzen and Frank Hutter},
      year={2019},
      eprint={1804.09081},
      archivePrefix={arXiv},
      primaryClass={stat.ML}
}

@misc{17,
      title={Practical Bayesian Optimization of Machine Learning Algorithms}, 
      author={Jasper Snoek and Hugo Larochelle and Ryan P. Adams},
      year={2012},
      eprint={1206.2944},
      archivePrefix={arXiv},
      primaryClass={stat.ML}
}

@inproceedings{20,
  title={Algorithms for hyper-parameter optimization},
  author={Bergstra, James S and Bardenet, R{\'e}mi and Bengio, Yoshua and K{\'e}gl, Bal{\'a}zs},
  booktitle={Advances in neural information processing systems},
  pages={2546--2554},
  year={2011}
}

@misc{22,
      title={Scalable Bayesian Optimization Using Deep Neural Networks}, 
      author={Jasper Snoek and Oren Rippel and Kevin Swersky and Ryan Kiros and Nadathur Satish and Narayanan Sundaram and Md. Mostofa Ali Patwary and Prabhat and Ryan P. Adams},
      year={2015},
      eprint={1502.05700},
      archivePrefix={arXiv},
      primaryClass={stat.ML}
}

@article{24,
  title={Evolving neural networks through augmenting topologies},
  author={Stanley, Kenneth O and Miikkulainen, Risto},
  journal={Evolutionary computation},
  volume={10},
  number={2},
  pages={99--127},
  year={2002},
  publisher={MIT Press}
}


@misc{25,
      title={Evolving Deep Neural Networks}, 
      author={Risto Miikkulainen and Jason Liang and Elliot Meyerson and Aditya Rawal and Dan Fink and Olivier Francon and Bala Raju and Hormoz Shahrzad and Arshak Navruzyan and Nigel Duffy and Babak Hodjat},
      year={2017},
      eprint={1703.00548},
      archivePrefix={arXiv},
      primaryClass={cs.NE}
}

@misc{26,
      title={Asynchronous epsilon Greedy Bayesian Optimisation}, 
      author={George De Ath and Richard M. Everson and Jonathan E. Fieldsend},
      year={2020},
      eprint={2010.07615},
      archivePrefix={arXiv},
      primaryClass={cs.LG}
}

@misc{27,
      title={Asynchronous Parallel Bayesian Optimisation via Thompson Sampling}, 
      author={Kirthevasan Kandasamy and Akshay Krishnamurthy and Jeff Schneider and Barnabas Poczos},
      year={2017},
      eprint={1705.09236},
      archivePrefix={arXiv},
      primaryClass={stat.ML}
}

@misc{29,
      title={Prior-guided Bayesian Optimization}, 
      author={Artur Souza and Luigi Nardi and Leonardo B. Oliveira and Kunle Olukotun and Marius Lindauer and Frank Hutter},
      year={2020},
      eprint={2006.14608},
      archivePrefix={arXiv},
      primaryClass={cs.LG}
}

@misc{30,
      title={Improving NeuroEvolution Efficiency by Surrogate Model-based Optimization with Phenotypic Distance Kernels}, 
      author={Jörg Stork and Martin Zaefferer and Thomas Bartz-Beielstein},
      year={2019},
      eprint={1902.03419},
      archivePrefix={arXiv},
      primaryClass={cs.NE}
}
@article{31,
  title={IEO: Intelligent Evolutionary Optimisation for Hyperparameter Tuning},
  author={Huan, Yuxi and Wu, Fan and Basios, Michail and Kanthan, Leslie and Li, Lingbo and Xu, Baowen},
  journal={arXiv preprint arXiv:2009.06390},
  year={2020}
}

@misc{32,
      title={BOHB: Robust and Efficient Hyperparameter Optimization at Scale}, 
      author={Stefan Falkner and Aaron Klein and Frank Hutter},
      year={2018},
      eprint={1807.01774},
      archivePrefix={arXiv},
      primaryClass={cs.LG}
}

@misc{34,
      title={Automatic deep learning for trend prediction in time series data}, 
      author={Kouame Hermann Kouassi and Deshendran Moodley},
      year={2020},
      eprint={2009.08510},
      archivePrefix={arXiv},
      primaryClass={cs.LG}
}

@misc{35,
      title={A Tutorial on Bayesian Optimization of Expensive Cost Functions, with Application to Active User Modeling and Hierarchical Reinforcement Learning}, 
      author={Eric Brochu and Vlad M. Cora and Nando de Freitas},
      year={2010},
      eprint={1012.2599},
      archivePrefix={arXiv},
      primaryClass={cs.LG}
}

@misc{36,
      title={Parallel Predictive Entropy Search for Batch Global Optimization of Expensive Objective Functions}, 
      author={Amar Shah and Zoubin Ghahramani},
      year={2015},
      eprint={1511.07130},
      archivePrefix={arXiv},
      primaryClass={cs.LG}
}

@misc{37,
      title={Batch Bayesian Optimization via Local Penalization}, 
      author={Javier González and Zhenwen Dai and Philipp Hennig and Neil D. Lawrence},
      year={2015},
      eprint={1505.08052},
      archivePrefix={arXiv},
      primaryClass={stat.ML}
}

@INPROCEEDINGS{38,

  author={P. J. B. {Hancock}},

  booktitle={[Proceedings] COGANN-92: International Workshop on Combinations of Genetic Algorithms and Neural Networks}, 

  title={Genetic algorithms and permutation problems: a comparison of recombination operators for neural net structure specification}, 

  year={1992},

  volume={},

  number={},

  pages={108-122},

  doi={10.1109/COGANN.1992.273944}}

@misc{39,
      title={Population Based Training of Neural Networks}, 
      author={Max Jaderberg and Valentin Dalibard and Simon Osindero and Wojciech M. Czarnecki and Jeff Donahue and Ali Razavi and Oriol Vinyals and Tim Green and Iain Dunning and Karen Simonyan and Chrisantha Fernando and Koray Kavukcuoglu},
      year={2017},
      eprint={1711.09846},
      archivePrefix={arXiv},
      primaryClass={cs.LG}
}

@inproceedings{40,
  title={Bayesian optimization with robust Bayesian neural networks},
  author={Springenberg, Jost Tobias and Klein, Aaron and Falkner, Stefan and Hutter, Frank},
  booktitle={Advances in neural information processing systems},
  pages={4134--4142},
  year={2016}
}

@misc{41,
      title={Regularized Evolution for Image Classifier Architecture Search}, 
      author={Esteban Real and Alok Aggarwal and Yanping Huang and Quoc V Le},
      year={2019},
      eprint={1802.01548},
      archivePrefix={arXiv},
      primaryClass={cs.NE}
}

@ARTICLE{42,

  author={K. {Deb} and A. {Pratap} and S. {Agarwal} and T. {Meyarivan}},

  journal={IEEE Transactions on Evolutionary Computation}, 

  title={A fast and elitist multiobjective genetic algorithm: NSGA-II}, 

  year={2002},

  volume={6},

  number={2},

  pages={182-197},

  doi={10.1109/4235.996017}}

@ARTICLE{44,

  author={K. O. {Stanley} and D. B. {D'Ambrosio} and J. {Gauci}},

  journal={Artificial Life}, 

  title={A Hypercube-Based Encoding for Evolving Large-Scale Neural Networks}, 

  year={2009},

  volume={15},

  number={2},

  pages={185-212},

  doi={10.1162/artl.2009.15.2.15202}}


@misc{SH,
      title={Non-stochastic Best Arm Identification and Hyperparameter Optimization}, 
      author={Kevin Jamieson and Ameet Talwalkar},
      year={2015},
      eprint={1502.07943},
      archivePrefix={arXiv},
      primaryClass={cs.LG}
}

@misc{HB,
      title={Hyperband: A Novel Bandit-Based Approach to Hyperparameter Optimization}, 
      author={Lisha Li and Kevin Jamieson and Giulia DeSalvo and Afshin Rostamizadeh and Ameet Talwalkar},
      year={2018},
      eprint={1603.06560},
      archivePrefix={arXiv},
      primaryClass={cs.LG}
}

@misc{SH0,
      title={Almost Optimal Exploration in Multi-Armed Bandits}, 
      author={Zohar Karnin and Tomer Koren and Oren Somekh},
      year={2013},

}

@misc{49,
      title={A System for Massively Parallel Hyperparameter Tuning}, 
      author={Liam Li and Kevin Jamieson and Afshin Rostamizadeh and Ekaterina Gonina and Moritz Hardt and Benjamin Recht and Ameet Talwalkar},
      year={2020},
      eprint={1810.05934},
      archivePrefix={arXiv},
      primaryClass={cs.LG}
}

@article{50,
  title={Random search for hyper-parameter optimization},
  author={Bergstra, James and Bengio, Yoshua},
  journal={The Journal of Machine Learning Research},
  volume={13},
  number={1},
  pages={281--305},
  year={2012},
  publisher={JMLR. org}
}


@misc{51,
      title={A Survey on Neural Architecture Search}, 
      author={Martin Wistuba and Ambrish Rawat and Tejaswini Pedapati},
      year={2019},
      eprint={1905.01392},
      archivePrefix={arXiv},
      primaryClass={cs.LG}
}


@article{GP-UCB,
   title={Information Theoretic Regret Bounds for Gaussian Process Optimization in the Bandit Setting},
   volume={58},
   ISSN={1557-9654},
   url={http://dx.doi.org/10.1109/TIT.2011.2182033},
   DOI={10.1109/tit.2011.2182033},
   number={5},
   journal={IEEE Transactions on Information Theory},
   publisher={Institute of Electrical and Electronics Engineers (IEEE)},
   author={Srinivas, Niranjan and Krause, Andreas and Kakade, Sham M. and Seeger, Matthias W.},
   year={2012},
   month={4},
   pages={3250–3265}
}

@misc{GP-BUCB,
      title={Parallelizing Exploration Exploitation Tradeoffs with Gaussian Process Bandit Optimization}, 
      author={Thomas Desautels and Andreas Krause and Joel Burdick},
      year={2012},
      eprint={1206.6402},
      archivePrefix={arXiv},
      primaryClass={cs.LG}
}

@book{pareto,
  title={Nonlinear Multiobjective Optimization},
  author={Miettinen, K.},
  isbn={9780792382782},
  lccn={98037888},
  series={International Series in Operations Research \& Management Science},
  url={https://books.google.co.uk/books?id=ha\_zLdNtXSMC},
  year={1999},
  publisher={Springer US}
}

@misc{DNN,
      title={Identity Mappings in Deep Residual Networks}, 
      author={Kaiming He and Xiangyu Zhang and Shaoqing Ren and Jian Sun},
      year={2016},
      eprint={1603.05027},
      archivePrefix={arXiv},
      primaryClass={cs.CV}
}

@misc{CNN,
      title={Rethinking the Inception Architecture for Computer Vision}, 
      author={Christian Szegedy and Vincent Vanhoucke and Sergey Ioffe and Jonathon Shlens and Zbigniew Wojna},
      year={2015},
      eprint={1512.00567},
      archivePrefix={arXiv},
      primaryClass={cs.CV}
}

@misc{CPPN,
      title={Rethinking the Inception Architecture for Computer Vision}, 
      author={Christian Szegedy and Vincent Vanhoucke and Sergey Ioffe and Jonathon Shlens and Zbigniew Wojna},
      year={2015},
      eprint={1512.00567},
      archivePrefix={arXiv},
      primaryClass={cs.CV}
}

@misc{NAS-RL,
      title={Neural Architecture Search with Reinforcement Learning}, 
      author={Barret Zoph and Quoc V. Le},
      year={2017},
      eprint={1611.01578},
      archivePrefix={arXiv},
      primaryClass={cs.LG}
}

@article{NE,
  title={Designing neural networks through neuroevolution},
  author={Stanley, Kenneth O and Clune, Jeff and Lehman, Joel and Miikkulainen, Risto},
  journal={Nature Machine Intelligence},
  volume={1},
  number={1},
  pages={24--35},
  year={2019},
  publisher={Nature Publishing Group}
}

@misc{ENAS,
      title={Efficient Neural Architecture Search via Parameter Sharing}, 
      author={Hieu Pham and Melody Y. Guan and Barret Zoph and Quoc V. Le and Jeff Dean},
      year={2018},
      eprint={1802.03268},
      archivePrefix={arXiv},
      primaryClass={cs.LG}
}

@inproceedings{ENAS-T,
  title={Understanding and simplifying one-shot architecture search},
  author={Bender, Gabriel and Kindermans, Pieter-Jan and Zoph, Barret and Vasudevan, Vijay and Le, Quoc},
  booktitle={International Conference on Machine Learning},
  pages={550--559},
  year={2018}
}

@misc{fewshot,
      title={Few-shot Neural Architecture Search}, 
      author={Yiyang Zhao and Linnan Wang and Yuandong Tian and Rodrigo Fonseca and Tian Guo},
      year={2020},
      eprint={2006.06863},
      archivePrefix={arXiv},
      primaryClass={cs.LG}
}

@misc{hypernetworks,
      title={HyperNetworks}, 
      author={David Ha and Andrew Dai and Quoc V. Le},
      year={2016},
      eprint={1609.09106},
      archivePrefix={arXiv},
      primaryClass={cs.LG}
}
@misc{smash,
      title={SMASH: One-Shot Model Architecture Search through HyperNetworks}, 
      author={Andrew Brock and Theodore Lim and J. M. Ritchie and Nick Weston},
      year={2017},
      eprint={1708.05344},
      archivePrefix={arXiv},
      primaryClass={cs.LG}
}

@misc{resnet,
      title={Wide Residual Networks}, 
      author={Sergey Zagoruyko and Nikos Komodakis},
      year={2017},
      eprint={1605.07146},
      archivePrefix={arXiv},
      primaryClass={cs.CV}
}

@misc{vgg,
      title={Very Deep Convolutional Networks for Large-Scale Image Recognition}, 
      author={Karen Simonyan and Andrew Zisserman},
      year={2015},
      eprint={1409.1556},
      archivePrefix={arXiv},
      primaryClass={cs.CV}
}

@misc{nasbench101,
      title={NAS-Bench-101: Towards Reproducible Neural Architecture Search}, 
      author={Chris Ying and Aaron Klein and Esteban Real and Eric Christiansen and Kevin Murphy and Frank Hutter},
      year={2019},
      eprint={1902.09635},
      archivePrefix={arXiv},
      primaryClass={cs.LG}
}

@misc{darts,
      title={DARTS: Differentiable Architecture Search}, 
      author={Hanxiao Liu and Karen Simonyan and Yiming Yang},
      year={2019},
      eprint={1806.09055},
      archivePrefix={arXiv},
      primaryClass={cs.LG}
}

@misc{largescale,
      title={Large-Scale Evolution of Image Classifiers}, 
      author={Esteban Real and Sherry Moore and Andrew Selle and Saurabh Saxena and Yutaka Leon Suematsu and Jie Tan and Quoc Le and Alex Kurakin},
      year={2017},
      eprint={1703.01041},
      archivePrefix={arXiv},
      primaryClass={cs.NE}
}

@misc{reproduce,
	title = 	 {Random Search and Reproducibility for Neural Architecture Search},
	author =       {Li, Liam and Talwalkar, Ameet},
      	booktitle = 	 {Proceedings of The 35th Uncertainty in Artificial Intelligence Conference},
        pages = 	 {367--377},
	year = 	 {2020},
	editor = 	 {Ryan P. Adams and Vibhav Gogate},
	volume = 	 {115},
	series = 	 {Proceedings of Machine Learning Research},
	address = 	 {Tel Aviv, Israel},
	month = 	 {22--25 Jul},
	publisher =    {PMLR},
	pdf = 	 {http://proceedings.mlr.press/v115/li20c/li20c.pdf},
	url = 	 {http://proceedings.mlr.press/v115/li20c.html},
}
@misc{nasnet,
      title={Learning Transferable Architectures for Scalable Image Recognition}, 
      author={Barret Zoph and Vijay Vasudevan and Jonathon Shlens and Quoc V. Le},
      year={2018},
      eprint={1707.07012},
      archivePrefix={arXiv},
      primaryClass={cs.CV}
}
@misc{infbandit,
      title={Simple regret for infinitely many armed bandits}, 
      author={Alexandra Carpentier and Michal Valko},
      year={2015},
      eprint={1505.04627},
      archivePrefix={arXiv},
      primaryClass={cs.LG}
}